@article{sf,
  title={Simple features for R: standardized support for spatial vector data.},
  author={Pebesma, Edzer J},
  journal={R Journal},
  volume={10},
  number={1},
  pages={439},
  year={2018}
}

@article{sp,
  title={S classes and methods for spatial data: the sp package},
  author={Pebesma, Edzer and Bivand, Roger S},
  journal={R news},
  volume={5},
  number={2},
  pages={9--13},
  year={2005}
}


@Manual{stars,
  title = {stars: Spatiotemporal Arrays, Raster and Vector Data Cubes},
  author = {Edzer Pebesma},
  year = {2021},
  note = {R package version 0.5-2},
  url = {https://CRAN.R-project.org/package=stars},
}

@article{spacetime,
 title={spacetime: Spatio-Temporal Data in R},
 volume={51},
 url={https://doi.org/10.18637/jss.v051.i07},
 number={7},
 journal={Journal of Statistical Software},
 author={Pebesma, Edzer},
 year={2012},
 pages={1–30}
}

@article{spatstat,
 title={Spatstat: An R Package for Analyzing Spatial Point Patterns},
 volume={12},
 url={https://doi.org/10.18637/jss.v012.i06},
 number={6},
 journal={Journal of Statistical Software},
 author={Baddeley, Adrian and Turner, Rolf},
 year={2005},
 pages={1–42}
}

@Manual{xts,
  title = {xts: eXtensible Time Series},
  author = {Jeffrey A. Ryan and Joshua M. Ulrich},
  year = {2020},
  note = {R package version 0.12.1},
  url = {https://CRAN.R-project.org/package=xts},
}

@Manual{cubelyr,
  title = {cubelyr: A Data Cube 'dplyr' Backend},
  author = {Hadley Wickham},
  year = {2020},
  note = {R package version 1.0.1},
  url = {https://CRAN.R-project.org/package=cubelyr},
}

@Article{tsibble,
  author = {Earo Wang and Dianne Cook and Rob J Hyndman},
  title = {A new tidy data structure to support exploration and modeling of temporal data},
  journal = {Journal of Computational and Graphical Statistics},
  volume = {29},
  number = {3},
  pages = {466-478},
  year = {2020},
  publisher = {Taylor & Francis},
  doi = {10.1080/10618600.2019.1695624},
  url = {https://doi.org/10.1080/10618600.2019.1695624},
}


@Book{spacetimebook,
  author = {Roger S. Bivand and Edzer Pebesma and Virgilio Gomez-Rubio},
  title = {Applied spatial data analysis with {R}, Second edition},
  year = {2013},
  publisher = {Springer, NY},
  url = {https://asdar-book.org/},
}


@article{tidydata,
   title={Tidy Data},
   volume={59},
   number={10},
   journal={Journal of Statistical Software},
   author={Wickham, Hadley},
   year={2014},
   pages={1–23},
   url={https://doi.org/10.18637/jss.v059.i10}
}

 @Manual{tidygraph,
    title = {tidygraph: A Tidy API for Graph Manipulation},
    author = {Thomas Lin Pedersen},
    year = {2020},
    note = {R package version 1.2.0},
    url = {https://CRAN.R-project.org/package=tidygraph},
  }
  
@Manual{dm,
    title = {dm: Relational Data Models},
    author = {Tobias Schieferdecker and Kirill Müller and Darko Bergant},
    year = {2021},
    note = {R package version 0.2.5},
    url = {https://CRAN.R-project.org/package=dm},
  }  



@ARTICLE{glyphs,
  title     = "Glyph-maps for visually exploring temporal patterns in climate
               data and models",
  author    = "Wickham, Hadley and Hofmann, Heike and Wickham, Charlotte and
               Cook, Dianne",
  journal   = "Environmetrics",
  publisher = "Wiley",
  volume    =  23,
  number    =  5,
  pages     = "382--393",
  month     =  aug,
  year      =  2012,
}
